@online{ios-docs,
	author = "Apple",
	title = "Apple: iOS Documentation",
	url = "https://developer.apple.com/reference",
	urldate = 2017
}

@online{json-wiki,
	author = "Wikipedia The Free Encyclopedia",
	title = "JSON",
	url = "https://en.wikipedia.org/wiki/JSON",
	urldate = 2017
}

@online{ios-wiki,
	author = "Wikipedia The Free Encyclopedia",
	title = "iOS",
	url = "https://en.wikipedia.org/wiki/IOS",
	urldate = 2017
}

@online{unix-wiki,
	author = "Wikipedia The Free Encyclopedia",
	title = "Unix",
	url = "https://en.wikipedia.org/wiki/Unix",
	urldate = 2017
}

@online{xcode-wiki,
	author = "Wikipedia The Free Encyclopedia",
	title = "Xcode",
	url = "https://en.wikipedia.org/wiki/Xcode",
	urldate = 2017
}

@online{cpp-wiki,
	author = "Wikipedia The Free Encyclopedia",
	title = "C++",
	url = "https://en.wikipedia.org/wiki/C%2B%2B",
	urldate = 2017
}

@online{app_store-wiki,
	author = "Wikipedia The Free Encyclopedia",
	title = "App Store",
	url = "https://en.wikipedia.org/wiki/App_Store_(iOS)",
	urldate = 2017
}

@online{objective-c-wiki,
	author = "Wikipedia The Free Encyclopedia",
	title = "Objective-C",
	url = "https://en.wikipedia.org/wiki/Objective-C",
	urldate = 2017
}

@online{swift-wiki,
	author = "Wikipedia The Free Encyclopedia",
	title = "Swift",
	url = "https://en.wikipedia.org/wiki/Swift_(programming_language)",
	urldate = 2017
}

@online{mvc-wiki,
	author = "Wikipedia The Free Encyclopedia",
	title = "MVC",
	url = "https://en.wikipedia.org/wiki/Model–view–controller",
	urldate = 2017
}

@online{js-array,
	author = "w3schools",
	title = "JavaScript Array",
	url = "https://www.w3schools.com/js/js_arrays.asp",
	urldate = 2017
}

@online{csv-wiki,
	author = "Wikipedia The Free Encyclopedia",
	title = "csv",
	url = "https://en.wikipedia.org/wiki/Comma-separated_values",
	urldate = 2017
}

@online{mysql-wiki,
	author = "Wikipedia The Free Encyclopedia",
	title = "MySQL",
	url = "https://en.wikipedia.org/wiki/MySQL",
	urldate = 2017
}

@online{query-string-wiki,
	author = "Wikipedia The Free Encyclopedia",
	title = "Query string",
	url = "https://en.wikipedia.org/wiki/Query_string",
	urldate = 2017
}

@online{license-wiki,
	author = "Wikipedia The Free Encyclopedia",
	title = "Open-source license",
	url = "https://en.wikipedia.org/wiki/Open-source_license",
	urldate = 2017
}

@book{rin,
	author = "Andrej Brodnik and Luka Fürst and Alenka Krapež and others",
	title = "Računalništvo in Informatika 1",
	year = 2015,
	url = "lusy.fri.uni-lj.si/ucbenik/"
}
